@book{de2000principes,
  title={Principes de g{\'e}ographie {\'e}conomique},
  author={de Lamarli{\`e}re, Isabelle G{\'e}neau and Staszak, Jean-Fran{\c{c}}ois},
  year={2000},
  publisher={Editions Br{\'e}al}
}

@misc{ wiki:xxx,
   author = "Wikipédia",
   title = "Intermodalité --- Wikipédia{,} l'encyclopédie libre",
   year = "2018",
   url = "http://fr.wikipedia.org/w/index.php?title=Intermodalit\%C3\%A9\&oldid=148209491",
   note = "[En ligne; Page disponible le 7-mai-2018]"
 }
 
 @article{xiao2005methodology,
  title={Methodology for selecting microscopic simulators: Comparative evaluation of AIMSUN and VISSIM},
  author={Xiao, Haifeng and Ambadipudi, Ravi and Hourdakis, John and Michalopoulos, Panos},
  year={2005}
}
 
 @article{kotusevski2009review,
  title={A review of traffic simulation software},
  author={Kotusevski, G and Hawick, KA},
  year={2009},
  publisher={Massey University}
}


@inproceedings{ejercito2017traffic,
  title={Traffic simulation software review},
  author={Ejercito, Paolo M and Nebrija, Kristine Gayle E and Feria, Rommel P and Lara-Figueroa, Ligaya Leah},
  booktitle={Information, Intelligence, Systems \& Applications (IISA), 2017 8th International Conference on},
  pages={1--4},
  year={2017},
  organization={IEEE}
}


@inproceedings{grignard2018impact,
  title={The Impact of New Mobility Modes on a City: A Generic Approach Using ABM},
  author={Grignard, Arnaud and Alonso, Luis and Taillandier, Patrick and Gaudou, Benoit and Nguyen-Huu, Tri and Gruel, Wolfgang and Larson, Kent},
  booktitle={International Conference on Complex Systems},
  pages={272--280},
  year={2018},
  organization={Springer}
}